@Unpublished{plain:flops_formulae,
author = {NOVATTE},
title = {How to calculate theoretical peak performance of a CPU-based HPC system},
note = {http://novatte.com/blog/2012/03/how-to-calculate-theoretical-peak-performance-of-a-cpu-based-hpc-system/}
}

@Manual{plain:intel_manual,
title = {Intel 64 and IA-32 Architectures Optimization Reference Manual},
organization = {Intel},
month = {November},
year = {2009},
note = {2.1 Intel Core Microachitecture and Enhanced Intel Core Microachitecture, Intel Wide Dynamic Execution, Page 30},
}