@Manual{plain:jflex_manual,
title = {JFlex User's Manual},
author = {Gerwin Klein},
month = {November},
year = {2004},
note = {The Fast Lexical Analyser Generator}
}


@Manual{plain:decaf_lang,
title = {Decaf 语言规范}
}
